%% example-bibliography.tex
%% Copyright 2021 Lukas Schmelzeisen
%
% This work may be distributed and/or modified under the
% conditions of the LaTeX Project Public License, either version 1.3
% of this license or (at your option) any later version.
% The latest version of this license is in
%   http://www.latex-project.org/lppl.txt
% and version 1.3 or later is part of all distributions of LaTeX
% version 2005/12/01 or later.
%
% This work has the LPPL maintenance status `maintained'.
% 
% The current maintainer of this work is Lukas Schmelzeisen.
%
% This work consists of the files acAssignment.cls and acAssignment.tex and
% bundled example files.


@inproceedings{DBLP:conf/leet/CheckowaySR10,
  author    = {Stephen Checkoway and
               Hovav Shacham and
               Eric Rescorla},
  title     = {Are Text-Only Data Formats Safe? Or, Use This LaTeX Class File to
               Pwn Your Computer},
  booktitle = {{LEET}},
  publisher = {{USENIX} Association},
  year      = {2010},
  url       = {https://www.usenix.org/conference/leet-10/are-text-only-data-formats-safe-or-use-latex-class-file-pwn-your-computer},
}

@book{DBLP:books/lib/MittelbachGB04,
  author    = {Frank Mittelbach and
               Michel Goossens and
               Johannes Braams},
  title     = {The {LaTeX} companion},
  edition   = {2},
  series    = {Addison-Wesley series on tools and techniques for computer typesetting},
  publisher = {Addison-Wesley},
  year      = {2004},
  url       = {https://www.worldcat.org/oclc/53972111},
}
